
@InProceedings{fw,
  title = 	 {Revisiting {Frank-Wolfe}: Projection-Free Sparse Convex Optimization},
  author = 	 {Jaggi, Martin},
  booktitle = 	 {Proceedings of the 30th International Conference on Machine Learning},
  pages = 	 {427--435},
  year = 	 {2013},
  editor = 	 {Dasgupta, Sanjoy and McAllester, David},
  volume = 	 {28},
  number =       {1},
  series = 	 {Proceedings of Machine Learning Research},
  address = 	 {Atlanta, Georgia, USA},
  month = 	 {17--19 Jun},
  publisher =    {PMLR},
  pdf = 	 {http://proceedings.mlr.press/v28/jaggi13.pdf},
  url = 	 {https://proceedings.mlr.press/v28/jaggi13.html},
}


@misc{fw-variants,
      title={On the Global Linear Convergence of Frank-Wolfe Optimization Variants}, 
      author={Simon Lacoste-Julien and Martin Jaggi},
      year={2015},
      eprint={1511.05932},
      archivePrefix={arXiv},
      primaryClass={math.OC},
      url={https://arxiv.org/abs/1511.05932}, 
}



@article{fw-survey,
  author = {Immanuel M. Bomze and Francesco Rinaldi and Damiano Zeffiro},
  title = {Frankâ€“Wolfe and friends: a journey into projection-free first-order optimization methods},
  journal = {4OR},
  year = {2021},
  volume = {19},
  number = {3},
  pages = {313--345},
  month = {September},
  doi = {10.1007/s10288-021-00493-y},
  url = {https://doi.org/10.1007/s10288-021-00493-y},
  issn = {1614-2411},
}

@article{attacks,
  author       = {Jinghui Chen and
                  Jinfeng Yi and
                  Quanquan Gu},
  title        = {A Frank-Wolfe Framework for Efficient and Effective Adversarial Attacks},
  journal      = {CoRR},
  volume       = {abs/1811.10828},
  year         = {2018},
  url          = {http://arxiv.org/abs/1811.10828},
  eprinttype    = {arXiv},
  eprint       = {1811.10828},
  timestamp    = {Fri, 30 Nov 2018 12:44:28 +0100},
  biburl       = {https://dblp.org/rec/journals/corr/abs-1811-10828.bib},
  bibsource    = {dblp computer science bibliography, https://dblp.org}
}

@ARTICLE{lenet,
  author={Lecun, Y. and Bottou, L. and Bengio, Y. and Haffner, P.},
  journal={Proceedings of the IEEE}, 
  title={Gradient-based learning applied to document recognition}, 
  year={1998},
  volume={86},
  number={11},
  pages={2278-2324},
  keywords={Neural networks;Pattern recognition;Machine learning;Optical character recognition software;Character recognition;Feature extraction;Multi-layer neural network;Optical computing;Hidden Markov models;Principal component analysis},
  doi={10.1109/5.726791}}

@misc{lenet-mdl,
  author = {Paperspace User: Nouman},
  title = {Writing LeNet-5 from Scratch in Python},
  year = {2022},
  note = {https://blog.paperspace.com/writing-lenet5-from-scratch-in-python/},
  note = {Accessed: 2024-06-22}
}

@misc{fmnist,
      title={Fashion-MNIST: a Novel Image Dataset for Benchmarking Machine Learning Algorithms}, 
      author={Han Xiao and Kashif Rasul and Roland Vollgraf},
      year={2017},
      eprint={1708.07747},
      archivePrefix={arXiv},
      primaryClass={cs.LG},
      url={https://arxiv.org/abs/1708.07747}, 
}

@misc{fmnist-mdl,
  author = {Junaid Ali},
  title = {pytorch-fashionMNIST-tutorial },
  year = {n.d.},
  note = {https://github.com/junaidaliop/pytorch-fashionMNIST-tutorial},
  note = {Accessed: 2024-06-22}
}

@misc{resnet,
      title={Deep Residual Learning for Image Recognition}, 
      author={Kaiming He and Xiangyu Zhang and Shaoqing Ren and Jian Sun},
      year={2015},
      eprint={1512.03385},
      archivePrefix={arXiv},
      primaryClass={cs.CV},
      url={https://arxiv.org/abs/1512.03385}, 
}

@inproceedings{cifar10,
  title={Learning Multiple Layers of Features from Tiny Images},
  author={Alex Krizhevsky},
  year={2009},
  url={https://api.semanticscholar.org/CorpusID:18268744}
}

@misc{fw-noncovex,
      title={Convergence Rate of Frank-Wolfe for Non-Convex Objectives}, 
      author={Simon Lacoste-Julien},
      year={2016},
      eprint={1607.00345},
      archivePrefix={arXiv},
      primaryClass={math.OC},
      url={https://arxiv.org/abs/1607.00345}, 
}